% surv.bib
% bib file for senior sem survey
  
@Book{Hart96,
  author =       {Charles O. Hartman},
  title =        {Virtual Muse: Experiments in Computer Poetry},
  publisher =    {Wesleyan University Press},
  year =         1996
}

@Book{Chamb84,
    author =    {William Chamberlain},
    title =     {The Policeman's Beard is Half-Constructed: Computer Prose and Poetry},
    publisher = {Warner Software/Books},
    year =      {1984}
}
    
