% prop.bib
% bib file for senior sem proposal

@misc{wikiCutup,
   author = "Wikipedia",
   title = "Cut-up technique --- Wikipedia{,} The Free Encyclopedia",
   year = "2009",
   url = "\url{http://en.wikipedia.org/w/index.php?title=Cut-up_technique&oldid=319936739}",
   note = "[Online; accessed 21-October-2009]"
 }
  
@Book{Hart96,
  author =       {Charles O. Hartman},
  title =        {Virtual Muse: Experiments in Computer Poetry},
  publisher =    {Wesleyan University Press},
  year =         1996
}

@Book{Chamb84,
    author =    {William Chamberlain},
    title =     {The Policeman's Beard is Half-Constructed: Computer Prose and Poetry},
    publisher = {Warner Software/Books},
    year =      {1984}
}

@INPROCEEDINGS{Manurung00,
    author = {Hisar Maruli Manurung and Graeme Ritchie and Henry Thompson},
    title = {Towards A Computational Model of Poetry Generation},
    booktitle = {In Proceedings of AISB Symposium on Creative and Cultural Aspects and Applications of AI and Cognitive Science},
    year = {2000},
    pages = {79--86}
} 

@MISC{Manurung03,
    author = {Hisar Maruli Manurung},
    title = {An Evolutionary Algorithm Approach to Poetry Generation},
    year = {2003}
}

@INPROCEEDINGS{Gervas01prose,
    author = {Pablo Gervas},
    title = {Generating Poetry from a Prose Text: Creativity versus Faithfulness},
    booktitle = {Proceedings of the AISB’01 Symposium on Artificial Intelligence and Creativity in Arts and Science},
    year = {2001},
    pages = {93--99}
}

@INPROCEEDINGS{Gervas01,
    author = {Pablo Gervas and Dep Sistemas and Informáticos Programación},
    title = {Automatic Generation of Poetry Using a CBR Approach},
    booktitle = {In CAEPIA - TTIA 01 Actas Volumen I. CAEPIA},
    year = {2001}
}

@INPROCEEDINGS{Wong08,
    author = {Martin Tsan Wong and Andy Hon Wai Chun},
    title =  {Automatic Haiku Generation Using VSM},
    booktitle = {Proceedings of The 7th WSEAS International Conference on Applied Computer and Applied Computational Science},
    year = {2008},
    pages = {318--323}
} 

@INPROCEEDINGS{Harrell05,
    author = {D. Fox Harrell},
    title = {Shades of computational evocation and meaning: The GRIOT system and improvisational poetry generation},
    booktitle = {In Proceedings, Sixth Digital Arts and Culture Conference},
    year = {2005},
    pages = {133--143}
}

